@article{turing1980computing,
	title={Computing machinery and intelligence.},
	author={Turing, Alan M},
	journal={Creative Computing},
	volume={6},
	number={1},
	pages={44--53},
	year={1980},
	publisher={ERIC}
}
